<record><leader>00000cas a2200000 a 4500</leader><controlfield tag="001">15273926</controlfield><controlfield tag="008">870305d19uu1985waubr ne      0    0eng d</controlfield><datafield ind1=" " ind2=" " tag="010"><subfield code="a">sn 94050939 </subfield></datafield><datafield ind1=" " ind2=" " tag="040"><subfield code="a">WIH</subfield><subfield code="b">eng</subfield><subfield code="c">WIH</subfield><subfield code="d">ANU</subfield><subfield code="d">OCL</subfield><subfield code="d">OCLCQ</subfield><subfield code="d">OCLCF</subfield><subfield code="d">OCLCO</subfield></datafield><datafield ind1="1" ind2=" " tag="029"><subfield code="a">AU@</subfield><subfield code="b">000011126282</subfield></datafield><datafield ind1=" " ind2=" " tag="042"><subfield code="a">msc</subfield></datafield><datafield ind1=" " ind2=" " tag="043"><subfield code="a">n-us-wa</subfield></datafield><datafield ind1="0" ind2="0" tag="245"><subfield code="a">Ti swawwi? itst.</subfield></datafield><datafield ind1=" " ind2=" " tag="260"><subfield code="a">Shelton, WA. :</subfield><subfield code="b">Skokomish Tribal Office,</subfield><subfield code="c">-1985.</subfield></datafield><datafield ind1=" " ind2=" " tag="300"><subfield code="a">v. :</subfield><subfield code="b">ill.</subfield></datafield><datafield ind1=" " ind2=" " tag="310"><subfield code="a">Bimonthly,</subfield><subfield code="b">1985</subfield></datafield><datafield ind1=" " ind2=" " tag="321"><subfield code="a">Monthly,</subfield><subfield code="b">1982-1984</subfield></datafield><datafield ind1="0" ind2=" " tag="362"><subfield code="a">-May 2, 1985.</subfield></datafield><datafield ind1=" " ind2=" " tag="530"><subfield code="a">Available on microfilm from the State Historical Society of Wisconsin.</subfield></datafield><datafield ind1=" " ind2=" " tag="588"><subfield code="a">Description based on: Sept. 14, 1982.</subfield></datafield><datafield ind1=" " ind2="0" tag="650"><subfield code="a">Skokomish Indians</subfield><subfield code="v">Newspapers.</subfield></datafield><datafield ind1=" " ind2="7" tag="655"><subfield code="a">Newspapers.</subfield><subfield code="2">fast</subfield><subfield code="0">(OCoLC)fst01423814</subfield></datafield><datafield ind1=" " ind2="7" tag="650"><subfield code="a">Skokomish Indians.</subfield><subfield code="2">fast</subfield><subfield code="0">(OCoLC)fst01120210</subfield></datafield><datafield ind1="2" ind2=" " tag="710"><subfield code="a">Skokomish Tribal Office (Shelton, Wash.)</subfield></datafield><datafield ind1=" " ind2=" " tag="752"><subfield code="a">United States</subfield><subfield code="b">Washington</subfield><subfield code="c">Mason</subfield><subfield code="d">Shelton.</subfield></datafield><datafield ind1="0" ind2="0" tag="785"><subfield code="t">Sounder (Shelton, Wash.)</subfield><subfield code="w">(DLC)sn 94050940</subfield></datafield></record>